00100000         211009961000183                    0163060000000321354 ANDREA ARANTES CONTABILIDADE LBANCO DO BRASIL S.A.                    10504201809313400000008000000                                                                     
00100011R0100020 2011009961000183001747931001417019  0163060000000321354 ANDREA ARANTES CONTABILIDADE L                                                                                00000268050420180000000000000000001747931        CBR20702
0010001300001P 010163060000000321354 17479310000005688   211110318124        0504201800000000006000000000 02N02042018000000000000000000000000000000000000000000000000000000000000000000000000000000                         30020000900182179220
0010001300002Q 012014623182000161124 AUTOVAZ MULTIMARCAS EIRELI EPP      AV CRISTIANO MACHADO, 2355              SILVEIRA       31140403BELO HORIZONTE MG0000000000000000                                        00017479310000005688   12345678
0010001300003R 01000000000000000000000000000000000000000000000000105052018000000000000700          HONORARIOS 03/2018                                                              000000000000000000000000000000000000 000000000000  0000000000
0010001300004P 010163060000000321354 17479310000005684   211110318108        0504201800000000006920000000 02N29032018000000000000000000000000000000000000000000000000000000000000000000000000000000                         30020000900182179220
0010001300005Q 012029879992000150108 CTIHVC AT ESPEC MED INT ADULTO LTDA RUA ERE, 23 SL 1107                     PRADO          30411052BELO HORIZONTE MG0000000000000000                                        00017479310000005684   12345678
0010001300006R 01000000000000000000000000000000000000000000000000105052018000000000000700          HONORARIOS 03/2018                                                              000000000000000000000000000000000000 000000000000  0000000000
0010001300007P 010163060000000321354 17479310000005704   211110318010A       0504201800000000008650000000 02N02042018000000000000000000000000000000000000000000000000000000000000000000000000000000                         30020000900182179220
0010001300008Q 012005824003000163010 ZERO KM COM DE AUTOMOVEIS EIRELI    RUA CARACA, 290                         SERRA          30220260BELO HORIZONTE MG0000000000000000                                        00017479310000005704   12345678
0010001300009R 01000000000000000000000000000000000000000000000000105052018000000000000700          HONORARIOS 03/2018                                                              000000000000000000000000000000000000 000000000000  0000000000
0010001300010P 010163060000000321354 17479310000005702   211110218179A       0604201800000000007500000000 02N02042018000000000000000000000000000000000000000000000000000000000000000000000000000000                         30020000900182179220
0010001300011Q 012014587796000135179 C & M AUTOMOVEIS LTDA               AV VILARINHO, 1660                      MINASCAIXA     31615250BELO HORIZONTE MG0000000000000000                                        00017479310000005702   12345678
0010001300012R 01000000000000000000000000000000000000000000000000106052018000000000000700          HONORARIOS 02/2018                                                              000000000000000000000000000000000000 000000000000  0000000000
0010001300013P 010163060000000321354 17479310000005712   211110218146A       0604201800000000003000000000 02N03042018000000000000000000000000000000000000000000000000000000000000000000000000000000                         30020000900182179220
0010001300014Q 012023122350000126146 CEMIGAUTO EIRELI - ME               RUA PROF PIMENTA DA VEIGA, 19           CID NOVA       31170190BELO HORIZONTE MG0000000000000000                                        00017479310000005712   12345678
0010001300015R 01000000000000000000000000000000000000000000000000106052018000000000000700          HONORARIOS 02/2018                                                              000000000000000000000000000000000000 000000000000  0000000000
0010001300016P 010163060000000321354 17479310000005711   211110318143A       0604201800000000008150000000 02N03042018000000000000000000000000000000000000000000000000000000000000000000000000000000                         30020000900182179220
0010001300017Q 012028198019000103143 GERAMINAS VEICULOS - ME             AV CRISTIANO MACHADO, 2661 LT A         IPIRANGA       31160243BELO HORIZOTE  MG0000000000000000                                        00017479310000005711   12345678
0010001300018R 01000000000000000000000000000000000000000000000000106052018000000000000700          HONORARIOS 02/2018                                                              000000000000000000000000000000000000 000000000000  0000000000
0010001300019P 010163060000000321354 17479310000005721   211110318120A       0904201800000000001750000000 02N03042018000000000000000000000000000000000000000000000000000000000000000000000000000000                         30020000900182179220
0010001300020Q 012005419770000197120 OMNI ENGENHARIA E CONS LTDA         RUA ALVARES DE AZEVEDO, 123, SL 03      LAGOINHA       31110290BELO HORIZONTE MG0000000000000000                                        00017479310000005721   12345678
0010001300021R 01000000000000000000000000000000000000000000000000109052018000000000000700          CERTIFICADO A1                                                                  000000000000000000000000000000000000 000000000000  0000000000
0010001300022P 010163060000000321354 17479310000005695   211110318190        1004201800000000013700000000 02N02042018000000000000000000000000000000000000000000000000000000000000000000000000000000                         30020000900182179220
0010001300023Q 012027793258000149190 RR COMERCIO DE VEICULOS LTDA        AV PROF MAGALHAES PENIDO, 717           AEROPORTO      31270383BELO HORIZONTE MG0000000000000000                                        00017479310000005695   12345678
0010001300024R 01000000000000000000000000000000000000000000000000110052018000000000000700          HONORARIOS 03/2018                                                              000000000000000000000000000000000000 000000000000  0000000000
0010001300025P 010163060000000321354 17479310000005720   211110318189        1004201800000000005140000000 02N03042018000000000000000000000000000000000000000000000000000000000000000000000000000000                         30020000900182179220
0010001300026Q 012028706252000150189 VITORIA ENGENHARIA E CONS EIRELI-ME RUA ZURICK, 1657 SL 401                 SALGADO FILH   30550172BELO HORIZONTE MG0000000000000000                                        00017479310000005720   12345678
0010001300027R 01000000000000000000000000000000000000000000000000110052018000000000000700          HONORARIOS 03/2018                                                              000000000000000000000000000000000000 000000000000  0000000000
0010001300028P 010163060000000321354 17479310000005700   211110318182        1004201800000000003500000000 02N02042018000000000000000000000000000000000000000000000000000000000000000000000000000000                         30020000900182179220
0010001300029Q 012027056868000160182 VIANA AUTOMOVEIS LTDA - EPP         AV VILARINHO, 1420                      VENDA NOVA     31615250BELO HORIZONTE MG0000000000000000                                        00017479310000005700   12345678
0010001300030R 01000000000000000000000000000000000000000000000000110052018000000000000700          HONORARIOS 03/2018                                                              000000000000000000000000000000000000 000000000000  0000000000
0010001300031P 010163060000000321354 17479310000005718   211110318170        1004201800000000013940000000 02N03042018000000000000000000000000000000000000000000000000000000000000000000000000000000                         30020000900182179220
0010001300032Q 012005667531000156170 ALEXSAMAR COMERCIO LTDA - ME        RUA PADRE EUSTAQUIO, 665                CARLOS PRATE   30710580BELO HORIZONTE MG0000000000000000                                        00017479310000005718   12345678
0010001300033R 01000000000000000000000000000000000000000000000000110052018000000000000700          HONORARIOS 03/2018                                                              000000000000000000000000000000000000 000000000000  0000000000
0010001300034P 010163060000000321354 17479310000005706   211110318166        1004201800000000007500000000 02N03042018000000000000000000000000000000000000000000000000000000000000000000000000000000                         30020000900182179220
0010001300035Q 012017680225000139166 TREVO LOK LOCACAO EIRELI - ME       VIA EXPRESA DE CONTAGEM, 6001 LJ 01     BERN MONTEIR   32070005CONTAGEM       MG0000000000000000                                        00017479310000005706   12345678
0010001300036R 01000000000000000000000000000000000000000000000000110052018000000000000700          HONORARIOS 03/2018                                                              000000000000000000000000000000000000 000000000000  0000000000
0010001300037P 010163060000000321354 17479310000005707   211110318163        1004201800000000005700000000 02N03042018000000000000000000000000000000000000000000000000000000000000000000000000000000                         30020000900182179220
0010001300038Q 012028507446000126163 TANUS E GONCALVES CURSOS LTDA - EPP R DOS AIMORES, 431 SL 701               FUNCIONARIOS   30140070BELO HORIZONTE MG0000000000000000                                        00017479310000005707   12345678
0010001300039R 01000000000000000000000000000000000000000000000000110052018000000000000700          HONORARIOS 03/2018                                                              000000000000000000000000000000000000 000000000000  0000000000
0010001300040P 010163060000000321354 17479310000005717   211110318161        1004201800000000003800000000 02N03042018000000000000000000000000000000000000000000000000000000000000000000000000000000                         30020000900182179220
0010001300041Q 012029005793000113161 CONSULTORIOS ODONTOLOGICOS B&D      AV JOAO CESAR DE OLIVEIRA, 2.600  2AND  ELDORADO       32310000CONTAGEM       MG0000000000000000                                        00017479310000005717   12345678
0010001300042R 01000000000000000000000000000000000000000000000000110052018000000000000700          HONORARIOS 03/2018                                                              000000000000000000000000000000000000 000000000000  0000000000
0010001300043P 010163060000000321354 17479310000005697   211110318159        1004201800000000011800000000 02N02042018000000000000000000000000000000000000000000000000000000000000000000000000006084                         30020000900182179220
0010001300044Q 012025390625000138159 J VEICULOS LTDA - ME                AV DOM PEDRO II, 1900 LJ 324            SANTO ANDRE    31230052BELO HORIZONTE MG0000000000000000                                        00017479310000005697   12345678
0010001300045R 01000000000000000000000000000000000000000000000000110052018000000000000700          HONORARIOS 03/2018                                                              000000000000000000000000000000000000 000000000000  0000000000
0010001300046P 010163060000000321354 17479310000005699   211110318155        1004201800000000009900000000 02N02042018000000000000000000000000000000000000000000000000000000000000000000000000000000                         30020000900182179220
0010001300047Q 012004257857000142155 NIAUTO VEICULOS LTDA                AV VILARINHO, 1420                      MINAS CAIXA    31615250BELO HORIZONTE MG0000000000000000                                        00017479310000005699   12345678
0010001300048R 01000000000000000000000000000000000000000000000000110052018000000000000700          HONORARIOS 03/2018                                                              000000000000000000000000000000000000 000000000000  0000000000
0010001300049P 010163060000000321354 17479310000005710   211110318146        1004201800000000003000000000 02N03042018000000000000000000000000000000000000000000000000000000000000000000000000000000                         30020000900182179220
0010001300050Q 012023122350000126146 CEMIGAUTO EIRELI - ME               RUA PROF PIMENTA DA VEIGA, 19           CID NOVA       31170190BELO HORIZONTE MG0000000000000000                                        00017479310000005710   12345678
0010001300051R 01000000000000000000000000000000000000000000000000110052018000000000000700          HONORARIOS 03/2018                                                              000000000000000000000000000000000000 000000000000  0000000000
0010001300052P 010163060000000321354 17479310000005693   211110318137        1004201800000000005000000000 02N02042018000000000000000000000000000000000000000000000000000000000000000000000000000000                         30020000900182179220
0010001300053Q 012071306070000110137 LULUTE VEICULOS EIRELI ME           RUA MARDOQUEU MOREIRA, 185              FELIP CLAUDI   33600000PEDRO LEOPOLDO MG0000000000000000                                        00017479310000005693   12345678
0010001300054R 01000000000000000000000000000000000000000000000000110052018000000000000700          HONORARIOS 03/2018                                                              000000000000000000000000000000000000 000000000000  0000000000
0010001300055P 010163060000000321354 17479310000005692   211110318136        1004201800000000012400000000 02N02042018000000000000000000000000000000000000000000000000000000000000000000000000000000                         30020000900182179220
0010001300056Q 012008450909000153136 LVL COMERCIO DE VEICULOS LTDA EPP   RUA DR CRISTIANO OTONI, 65              CENTRO         33600000PEDRO LEOPOLDO MG0000000000000000                                        00017479310000005692   12345678
0010001300057R 01000000000000000000000000000000000000000000000000110052018000000000000700          HONORARIOS 03/2018                                                              000000000000000000000000000000000000 000000000000  0000000000
0010001300058P 010163060000000321354 17479310000005701   211110318179        1504201800000000009900000000 02N02042018000000000000000000000000000000000000000000000000000000000000000000000000000000                         30020000900182179220
0010001300059Q 012014587796000135179 C & M AUTOMOVEIS LTDA               AV VILARINHO, 1660                      MINASCAIXA     31615250BELO HORIZONTE MG0000000000000000                                        00017479310000005701   12345678
0010001300060R 01000000000000000000000000000000000000000000000000115052018000000000000700          HONORARIOS 03/2018                                                              000000000000000000000000000000000000 000000000000  0000000000
0010001300061P 010163060000000321354 17479310000005696   211110318162        1504201800000000011940000000 02N02042018000000000000000000000000000000000000000000000000000000000000000000000000000000                         30020000900182179220
0010001300062Q 012026888916000113162  MAIA COM DE VEICULOS EIRELI - EPP  RUA OURO PRETO, 891 SUBSL               BARRO PRETO    30170044BELO HORIZONTE MG0000000000000000                                        00017479310000005696   12345678
0010001300063R 01000000000000000000000000000000000000000000000000115052018000000000000700          HONORARIOS 03/2018                                                              000000000000000000000000000000000000 000000000000  0000000000
0010001300064P 010163060000000321354 17479310000005715   211110318154        1504201800000000005000000000 02N03042018000000000000000000000000000000000000000000000000000000000000000000000000000000                         30020000900182179220
0010001300065Q 012021187381000130154 CANAL DE REPASSE LTDA               AV CONTORNO, 6283 SL 303                SAO PEDRO      30330085BELO HORIZONTE MG0000000000000000                                        00017479310000005715   12345678
0010001300066R 01000000000000000000000000000000000000000000000000115052018000000000000700          HONORARIOS 03/2018                                                              000000000000000000000000000000000000 000000000000  0000000000
0010001300067P 010163060000000321354 17479310000005714   211110318149        1504201800000000006089000000 02N03042018000000000000000000000000000000000000000000000000000000000000000000000000000000                         30020000900182179220
0010001300068Q 012024386341000105149 FORTIS CONSTRUCOES LTDA - EPP       RUA DOUTOR PEREIRA DE MELO, 161         LUXEMBURGO     30380350BELO HORIZONTE MG0000000000000000                                        00017479310000005714   12345678
0010001300069R 01000000000000000000000000000000000000000000000000115052018000000000000700          HONORARIOS 03/2018                                                              000000000000000000000000000000000000 000000000000  0000000000
0010001300070P 010163060000000321354 17479310000005698   211110318148        1504201800000000013400000000 02N02042018000000000000000000000000000000000000000000000000000000000000000000000000000000                         30020000900182179220
0010001300071Q 012003528612000140148 CLINICA NEUROPSIQ SC LTDA           RUA MATO GROSSO, 800 SL 805             STO AGOSTINH   30190085BELO HORIZONTE MG0000000000000000                                        00017479310000005698   12345678
0010001300072R 01000000000000000000000000000000000000000000000000115052018000000000000700          HONORARIOS 03/2018                                                              000000000000000000000000000000000000 000000000000  0000000000
0010001300073P 010163060000000321354 17479310000005709   211110318143        1504201800000000008000000000 02N03042018000000000000000000000000000000000000000000000000000000000000000000000000000000                         30020000900182179220
0010001300074Q 012028198019000103143 GERAMINAS VEICULOS - ME             AV CRISTIANO MACHADO, 2661 LT A         IPIRANGA       31160243BELO HORIZOTE  MG0000000000000000                                        00017479310000005709   12345678
0010001300075R 01000000000000000000000000000000000000000000000000115052018000000000000700          HONORARIOS 03/2018                                                              000000000000000000000000000000000000 000000000000  0000000000
0010001300076P 010163060000000321354 17479310000005691   211110318135        1504201800000000010000000000 02N02042018000000000000000000000000000000000000000000000000000000000000000000000000000000                         30020000900182179220
0010001300077Q 012021436879000199135 BEM ESTAR MANGABEIRAS LTDA          AV BANDEIRTANTES, 1482                  MANGABEIRAS    30315032BELO HORIZONTE MG0000000000000000                                        00017479310000005691   12345678
0010001300078R 01000000000000000000000000000000000000000000000000115052018000000000000700          HONORARIOS 03/2018                                                              000000000000000000000000000000000000 000000000000  0000000000
0010001300079P 010163060000000321354 17479310000005686   211110318120        1504201800000000005000000000 02N29032018000000000000000000000000000000000000000000000000000000000000000000000000000000                         30020000900182179220
0010001300080Q 012005419770000197120 OMNI ENGENHARIA E CONS LTDA         RUA ALVARES DE AZEVEDO, 123, SL 03      LAGOINHA       31110290BELO HORIZONTE MG0000000000000000                                        00017479310000005686   12345678
0010001300081R 01000000000000000000000000000000000000000000000000115052018000000000000700          HONORARIOS 03/2018                                                              000000000000000000000000000000000000 000000000000  0000000000
0010001300082P 010163060000000321354 17479310000005680   211110318104        1504201800000000012850000000 02N29032018000000000000000000000000000000000000000000000000000000000000000000000000000000                         30020000900182179220
0010001300083Q 012017559001000173104 STAFF BRASIL SOLUCOES EM SEG EIRELI RUA PRAIA FORMOSA, 29 PAV 01            ALT CAICARAS   30775080BELO HORIZONTE MG0000000000000000                                        00017479310000005680   12345678
0010001300084R 01000000000000000000000000000000000000000000000000115052018000000000000700          HONORARIOS 03/2018                                                              000000000000000000000000000000000000 000000000000  0000000000
0010001300085P 010163060000000321354 17479310000005708   211110318059A       1504201800000000008700000000 02N03042018000000000000000000000000000000000000000000000000000000000000000000000000000000                         30020000900182179220
0010001300086Q 012008438919000173059 PONTELLO AUTOMOVEIS LTDA ME         RUA SANTA HELENA, 300                   CANAA          35700285SETE LAGOAS    MG0000000000000000                                        00017479310000005708   12345678
0010001300087R 01000000000000000000000000000000000000000000000000115052018000000000000700          HONORARIOS 03/2018                                                              000000000000000000000000000000000000 000000000000  0000000000
0010001300088P 010163060000000321354 17479310000005719   211110318187        2004201800000000005500000000 02N03042018000000000000000000000000000000000000000000000000000000000000000000000000000000                         30020000900182179220
0010001300089Q 012026935000000177187 LUV STORE COM ART DO VESTUARIO LTDA AV OSCAR NIEMEYER, 1033                 VL DA SERRA    34006065NOVA LIMA      MG0000000000000000                                        00017479310000005719   12345678
0010001300090R 01000000000000000000000000000000000000000000000000120052018000000000000700          HONORARIOS 03/2018                                                              000000000000000000000000000000000000 000000000000  0000000000
0010001300091P 010163060000000321354 17479310000005716   211110318167        2004201800000000010300000000 02N03042018000000000000000000000000000000000000000000000000000000000000000000000000000000                         30020000900182179220
0010001300092Q 012007659514000100167 LARA E NEVES COM DE VEICULOS LTDA   RUA ITUIUTABA, 278 LJ 280               PRADO          30411023BELO HORIZONTE MG0000000000000000                                        00017479310000005716   12345678
0010001300093R 01000000000000000000000000000000000000000000000000120052018000000000000700          HONORARIOS 03/2018                                                              000000000000000000000000000000000000 000000000000  0000000000
0010001300094P 010163060000000321354 17479310000005713   211110318145        2004201800000000007400000000 02N03042018000000000000000000000000000000000000000000000000000000000000000000000000000000                         30020000900182179220
0010001300095Q 012022019636000118145 VITALE CENTRO ODONTO AVANCADO LTDA  RUA ALFREDO SAMPAIO, 97                 PARA           35900000ITABIRA        MG0000000000000000                                        00017479310000005713   12345678
0010001300096R 01000000000000000000000000000000000000000000000000120052018000000000000700          HONORARIOS 03/2018                                                              000000000000000000000000000000000000 000000000000  0000000000
0010001300097P 010163060000000321354 17479310000005694   211110318141        2004201800000000005000000000 02N02042018000000000000000000000000000000000000000000000000000000000000000000000000000000                         30020000900182179220
0010001300098Q 012015071496000161141 COSTA E  SALGADO CONS MEDICO LTDA   RUA DOS OTONI, 909, SL 410              STA EFIGENIA   30150270BELO HORIZONTE MG0000000000000000                                        00017479310000005694   12345678
0010001300099R 01000000000000000000000000000000000000000000000000120052018000000000000700          HONORARIOS 03/2018                                                              000000000000000000000000000000000000 000000000000  0000000000
0010001300100P 010163060000000321354 17479310000005690   211110318130        2004201800000000003500000000 02N02042018000000000000000000000000000000000000000000000000000000000000000000000000000000                         30020000900182179220
0010001300101Q 012023453740000189130  FANTSTIC SHOP COM E SERV LTDA - ME AV CORONEL JUVENTINO DIAS, 399  LETRA B CENTRO         33600000PEDRO LEOPOLDO MG0000000000000000                                        00017479310000005690   12345678
0010001300102R 01000000000000000000000000000000000000000000000000120052018000000000000700          HONORARIOS 03/2018                                                              000000000000000000000000000000000000 000000000000  0000000000
0010001300103P 010163060000000321354 17479310000005689   211110318126        2004201800000000005000000000 02N02042018000000000000000000000000000000000000000000000000000000000000000000000000000000                         30020000900182179220
0010001300104Q 012027874540000150126 PAMPULHA COWORKING ESCRIT COMP EIRELR PADRE SILVEIRA LOBO, 610              SAO LUIZ       31270740BELO HORIZONTE MG0000000000000000                                        00017479310000005689   12345678
0010001300105R 01000000000000000000000000000000000000000000000000120052018000000000000700          HONORARIOS 03/2018                                                              000000000000000000000000000000000000 000000000000  0000000000
0010001300106P 010163060000000321354 17479310000005685   211110318113        2004201800000000003000000000 02N29032018000000000000000000000000000000000000000000000000000000000000000000000000000000                         30020000900182179220
0010001300107Q 012024910134000108113 VIGGO PROMOCAO DE VENDAS E SERVICOS RUA ELSON NUNES DE SOUZA, 161 SL 201    CASTELO        30840530BELO HORIZONTE MG0000000000000000                                        00017479310000005685   12345678
0010001300108R 01000000000000000000000000000000000000000000000000120052018000000000000700          HONORARIOS 03/2018                                                              000000000000000000000000000000000000 000000000000  0000000000
0010001300109P 010163060000000321354 17479310000005683   211110318107        2004201800000000005000000000 02N29032018000000000000000000000000000000000000000000000000000000000000000000000000000000                         30020000900182179220
0010001300110Q 012025402826000108107 RIBEIRO E LAGE SERV  ARQUITETURA LTDRUA LA PLATA, 214 APTO 501              SION           30315460BELO HORIZONTE MG0000000000000000                                        00017479310000005683   12345678
0010001300111R 01000000000000000000000000000000000000000000000000120052018000000000000700          HONORARIOS 03/2018                                                              000000000000000000000000000000000000 000000000000  0000000000
0010001300112P 010163060000000321354 17479310000005682   211110318106        2004201800000000009400000000 02N29032018000000000000000000000000000000000000000000000000000000000000000000000000000000                         30020000900182179220
0010001300113Q 012006321471000188106 VIABILE PLANEJAMENTO E PROJETOS LTDARUA DOMINGOS VIEIRA, 587, SL 1104       SNT EFIGENIA   30150240BELO HORIZONTE MG0000000000000000                                        00017479310000005682   12345678
0010001300114R 01000000000000000000000000000000000000000000000000120052018000000000000700          HONORARIOS 03/2018                                                              000000000000000000000000000000000000 000000000000  0000000000
0010001300115P 010163060000000321354 17479310000005681   211110318105        2004201800000000004000000000 02N29032018000000000000000000000000000000000000000000000000000000000000000000000000000000                         30020000900182179220
0010001300116Q 012018204518000102105 RENATA BASQUES M DEC DE INT EIRELI  RUA PARAIBA, 476 SL 1003                FUNCIONARIOS   30130140BELO HORIZONTE MG0000000000000000                                        00017479310000005681   12345678
0010001300117R 01000000000000000000000000000000000000000000000000120052018000000000000700          HONORARIOS 03/2018                                                              000000000000000000000000000000000000 000000000000  0000000000
0010001300118P 010163060000000321354 17479310000005687   211110318122        2504201800000000005280000000 02N02042018000000000000000000000000000000000000000000000000000000000000000000000000000000                         30020000900182179220
0010001300119Q 012029727611000118122 JANIO CARLOS SOARES DE SOUZA        RUA PROF. MERCEDO MOREIR, 404           ITAPOA         31710340BELO HORIZONTE MG0000000000000000                                        00017479310000005687   12345678
0010001300120R 01000000000000000000000000000000000000000000000000125052018000000000000700          HONORARIOS 03/2018                                                              000000000000000000000000000000000000 000000000000  0000000000
0010001300121P 010163060000000321354 17479310000005679   211110318103        2504201800000000010900000000 02N29032018000000000000000000000000000000000000000000000000000000000000000000000000000000                         30020000900182179220
0010001300122Q 012010866806000110103 CENER IMOVEIS GST NEG E AVAL LTDA   PC SEN RIBEIRO DE OLIVEIRA, 229 A       CENTRO         35490000ENT RIOS MINAS MG0000000000000000                                        00017479310000005679   12345678
0010001300123R 01000000000000000000000000000000000000000000000000125052018000000000000700          HONORARIOS 03/2018                                                              000000000000000000000000000000000000 000000000000  0000000000
0010001300124P 010163060000000321354 17479310000005678   211110318093        2504201800000000007400000000 02N29032018000000000000000000000000000000000000000000000000000000000000000000000000010000                         30020000900182179220
0010001300125Q 012006010211000191093 PLATAFOMRA W TEC INF LTDA           RUA CEARA, 1709, SL 1001                FUNCIONARIOS   30150311BELO HORIZONTE MG0000000000000000                                        00017479310000005678   12345678
0010001300126R 01000000000000000000000000000000000000000000000000125052018000000000000700          HONORARIOS 03/2018                                                              000000000000000000000000000000000000 000000000000  0000000000
0010001300127P 010163060000000321354 17479310000005677   211110318086        2504201800000000012800000000 02N29032018000000000000000000000000000000000000000000000000000000000000000000000000000000                         30020000900182179220
0010001300128Q 012008056650000160086 SABOR ESPETINHO LTDA                AV MIGUEL PERRELA, 379                  CASTELO        31330290BELO HORIZONTE MG0000000000000000                                        00017479310000005677   12345678
0010001300129R 01000000000000000000000000000000000000000000000000125052018000000000000700          HONORARIOS 03/2018                                                              000000000000000000000000000000000000 000000000000  0000000000
00100015         00013100000000000000000000000000000000000000000000000000000000000000000000000000000000000000000000                                                                                                                             
00199999         000001000133000000                                                                                                                                                                                                             
